@inproceedings{robles2010replicating,
  title={Replicating MSR: A study of the potential replicability of papers published in the Mining Software Repositories proceedings},
  author={Robles, Gregorio},
  booktitle={Mining Software Repositories (MSR), 2010 7th IEEE Working Conference on},
  pages={171--180},
  year={2010},
  organization={IEEE}
}
